@misc{gabrielli2025inverselanguagemodelingrobust,
      title={Inverse Language Modeling towards Robust and Grounded LLMs}, 
      author={Davide Gabrielli and Simone Sestito and Iacopo Masi},
      year={2025},
      eprint={2510.01929},
      archivePrefix={arXiv},
      primaryClass={cs.CL},
      url={https://arxiv.org/abs/2510.01929},
}

@InProceedings{pag-imply-robustness,
  title = 	 {Do Perceptually Aligned Gradients Imply Robustness?},
  author =       {Ganz, Roy and Kawar, Bahjat and Elad, Michael},
  booktitle = 	 {Proceedings of the 40th International Conference on Machine Learning},
  pages = 	 {10628--10648},
  year = 	 {2023},
  editor = 	 {Krause, Andreas and Brunskill, Emma and Cho, Kyunghyun and Engelhardt, Barbara and Sabato, Sivan and Scarlett, Jonathan},
  volume = 	 {202},
  series = 	 {Proceedings of Machine Learning Research},
  publisher =    {PMLR},
  pdf = 	 {https://proceedings.mlr.press/v202/ganz23a/ganz23a.pdf},
  url = 	 {https://proceedings.mlr.press/v202/ganz23a.html}
}

@misc{gcg-carlini,
      title={Universal and Transferable Adversarial Attacks on Aligned Language Models}, 
      author={Andy Zou and Zifan Wang and Nicholas Carlini and Milad Nasr and J. Zico Kolter and Matt Fredrikson},
      year={2023},
      eprint={2307.15043},
      archivePrefix={arXiv},
      primaryClass={cs.CL},
      url={https://arxiv.org/abs/2307.15043}, 
}

@misc{faster-gcg,
      title={Faster-GCG: Efficient Discrete Optimization Jailbreak Attacks against Aligned Large Language Models}, 
      author={Xiao Li and Zhuhong Li and Qiongxiu Li and Bingze Lee and Jinghao Cui and Xiaolin Hu},
      year={2024},
      eprint={2410.15362},
      archivePrefix={arXiv},
      primaryClass={cs.LG},
      url={https://arxiv.org/abs/2410.15362}, 
}

@misc{accelerating-gcg,
      title={Accelerating Greedy Coordinate Gradient and General Prompt Optimization via Probe Sampling}, 
      author={Yiran Zhao and Wenyue Zheng and Tianle Cai and Xuan Long Do and Kenji Kawaguchi and Anirudh Goyal and Michael Shieh},
      year={2024},
      eprint={2403.01251},
      archivePrefix={arXiv},
      primaryClass={cs.CL},
      url={https://arxiv.org/abs/2403.01251}, 
}

@misc{pgd,
      title={Attacking Large Language Models with Projected Gradient Descent}, 
      author={Simon Geisler and Tom Wollschläger and M. H. I. Abdalla and Johannes Gasteiger and Stephan Günnemann},
      year={2025},
      eprint={2402.09154},
      archivePrefix={arXiv},
      primaryClass={cs.LG},
      url={https://arxiv.org/abs/2402.09154}, 
}

@misc{kervadec2023unnaturallanguageprocessinglanguage,
      title={Unnatural language processing: How do language models handle machine-generated prompts?}, 
      author={Corentin Kervadec and Francesca Franzon and Marco Baroni},
      year={2023},
      eprint={2310.15829},
      archivePrefix={arXiv},
      primaryClass={cs.CL},
      url={https://arxiv.org/abs/2310.15829}, 
}

@misc{autoprompt,
      title={AutoPrompt: Eliciting Knowledge from Language Models with Automatically Generated Prompts}, 
      author={Taylor Shin and Yasaman Razeghi and Robert L. Logan IV and Eric Wallace and Sameer Singh},
      year={2020},
      eprint={2010.15980},
      archivePrefix={arXiv},
      primaryClass={cs.CL},
      url={https://arxiv.org/abs/2010.15980}, 
}

@misc{chacko2024adversarialattackslargelanguage-regularizedrelaxation,
      title={Adversarial Attacks on Large Language Models Using Regularized Relaxation}, 
      author={Samuel Jacob Chacko and Sajib Biswas and Chashi Mahiul Islam and Fatema Tabassum Liza and Xiuwen Liu},
      year={2024},
      eprint={2410.19160},
      archivePrefix={arXiv},
      primaryClass={cs.LG},
      url={https://arxiv.org/abs/2410.19160}, 
}

@misc{evaluatinggcgpgd-hwp,
      title={Evaluating Hard Prompt Adversarial Attacks Methods}, 
      author={Davide Gabrielli},
      year={2024},
}

@misc{alon2023detectinglanguagemodelattacks-perplexity,
      title={Detecting Language Model Attacks with Perplexity}, 
      author={Gabriel Alon and Michael Kamfonas},
      year={2023},
      eprint={2308.14132},
      archivePrefix={arXiv},
      primaryClass={cs.CL},
      url={https://arxiv.org/abs/2308.14132}, 
}

@misc{ebrahimi2018hotflipwhiteboxadversarialexamples,
      title={HotFlip: White-Box Adversarial Examples for Text Classification}, 
      author={Javid Ebrahimi and Anyi Rao and Daniel Lowd and Dejing Dou},
      year={2018},
      eprint={1712.06751},
      archivePrefix={arXiv},
      primaryClass={cs.CL},
      url={https://arxiv.org/abs/1712.06751}, 
}

@misc{cherepanova2024talkingnonsenseprobinglarge,
      title={Talking Nonsense: Probing Large Language Models' Understanding of Adversarial Gibberish Inputs}, 
      author={Valeriia Cherepanova and James Zou},
      year={2024},
      eprint={2404.17120},
      archivePrefix={arXiv},
      primaryClass={cs.CL},
      url={https://arxiv.org/abs/2404.17120}, 
}

@INPROCEEDINGS{carlini-wagner-image-attack,
  author={Carlini, Nicholas and Wagner, David},
  booktitle={2017 IEEE Symposium on Security and Privacy (SP)}, 
  title={Towards Evaluating the Robustness of Neural Networks}, 
  year={2017},
  volume={},
  number={},
  pages={39-57},
  keywords={Neural networks;Robustness;Measurement;Speech recognition;Security;Malware;Resists},
  doi={10.1109/SP.2017.49}}


@article{gcg-with-attention--attngcg,
        title={Attn{GCG}: Enhancing Jailbreaking Attacks on {LLM}s with Attention Manipulation},
        author={Zijun Wang and Haoqin Tu and Jieru Mei and Bingchen Zhao and Yisen Wang and Cihang Xie},
        journal={Transactions on Machine Learning Research},
        issn={2835-8856},
        year={2025},
        url={https://openreview.net/forum?id=prVLANCshF},
        note={}
}

@misc{paulus2024advprompterfastadaptiveadversarial,
      title={AdvPrompter: Fast Adaptive Adversarial Prompting for LLMs}, 
      author={Anselm Paulus and Arman Zharmagambetov and Chuan Guo and Brandon Amos and Yuandong Tian},
      year={2024},
      eprint={2404.16873},
      archivePrefix={arXiv},
      primaryClass={cs.CR},
      url={https://arxiv.org/abs/2404.16873}, 
}

@misc{liu2024autodangeneratingstealthyjailbreak,
      title={AutoDAN: Generating Stealthy Jailbreak Prompts on Aligned Large Language Models}, 
      author={Xiaogeng Liu and Nan Xu and Muhao Chen and Chaowei Xiao},
      year={2024},
      eprint={2310.04451},
      archivePrefix={arXiv},
      primaryClass={cs.CL},
      url={https://arxiv.org/abs/2310.04451}, 
}

@inproceedings{liu2025autodanturbo,
            title={Auto{DAN}-Turbo: A Lifelong Agent for Strategy Self-Exploration to Jailbreak {LLM}s},
            author={Xiaogeng Liu and Peiran Li and G. Edward Suh and Yevgeniy Vorobeychik and Zhuoqing Mao and Somesh Jha and Patrick McDaniel and Huan Sun and Bo Li and Chaowei Xiao},
            booktitle={The Thirteenth International Conference on Learning Representations},
            year={2025},
            url={https://openreview.net/forum?id=bhK7U37VW8}
}

@misc{morris2023languagemodelinversion,
      title={Language Model Inversion}, 
      author={John X. Morris and Wenting Zhao and Justin T. Chiu and Vitaly Shmatikov and Alexander M. Rush},
      year={2023},
      eprint={2311.13647},
      archivePrefix={arXiv},
      primaryClass={cs.CL},
      url={https://arxiv.org/abs/2311.13647}, 
}

@inproceedings{dosovitskiy2016invertingcnn,
  title={Inverting visual representations with convolutional networks},
  author={Dosovitskiy, Alexey and Brox, Thomas},
  booktitle={Proceedings of the IEEE conference on computer vision and pattern recognition},
  pages={4829--4837},
  year={2016}
}

@inproceedings{promptshaveeviltwins,
    title = "Prompts have evil twins",
    author = "Melamed, Rimon  and
      McCabe, Lucas Hurley  and
      Wakhare, Tanay  and
      Kim, Yejin  and
      Huang, H. Howie  and
      Boix-Adser{\`a}, Enric",
    editor = "Al-Onaizan, Yaser  and
      Bansal, Mohit  and
      Chen, Yun-Nung",
    booktitle = "Proceedings of the 2024 Conference on Empirical Methods in Natural Language Processing",
    month = nov,
    year = "2024",
    address = "Miami, Florida, USA",
    publisher = "Association for Computational Linguistics",
    url = "https://aclanthology.org/2024.emnlp-main.4/",
    doi = "10.18653/v1/2024.emnlp-main.4",
    pages = "46--74"
}

@article{eviltwinsarenotthatevil,
  title={Evil twins are not that evil: Qualitative insights into machine-generated prompts},
  author={Rakotonirina, Nathana{\"e}l Carraz and Kervadec, Corentin and Franzon, Francesca and Baroni, Marco},
  journal={arXiv preprint arXiv:2412.08127},
  year={2024}
}

@article{polynomial-theory-first-neural-network,
  title={Polynomial theory of complex systems},
  author={Ivakhnenko, Alexey Grigorevich},
  journal={IEEE transactions on Systems, Man, and Cybernetics},
  pages={364--378},
  year={1971},
  publisher={IEEE}
}

@article{krizhevsky2012imagenet,
  title={Imagenet classification with deep convolutional neural networks},
  author={Krizhevsky, Alex and Sutskever, Ilya and Hinton, Geoffrey E},
  journal={Advances in neural information processing systems},
  volume={25},
  year={2012}
}

@article{cohen2016inductivebias,
  title={Inductive bias of deep convolutional networks through pooling geometry},
  author={Cohen, Nadav and Shashua, Amnon},
  journal={arXiv preprint arXiv:1605.06743},
  year={2016}
}

@article{fukushima1980neocognitron,
  title={Neocognitron: A self-organizing neural network model for a mechanism of pattern recognition unaffected by shift in position},
  author={Fukushima, Kunihiko},
  journal={Biological cybernetics},
  volume={36},
  number={4},
  pages={193--202},
  year={1980},
  publisher={Springer}
}

@ARTICLE{introducinggraphneuralnetworksgnn,
  author={Scarselli, Franco and Gori, Marco and Tsoi, Ah Chung and Hagenbuchner, Markus and Monfardini, Gabriele},
  journal={IEEE Transactions on Neural Networks}, 
  title={The Graph Neural Network Model}, 
  year={2009},
  volume={20},
  number={1},
  pages={61-80},
  keywords={Neural networks;Biological system modeling;Data engineering;Computer vision;Chemistry;Biology;Pattern recognition;Data mining;Supervised learning;Parameter estimation;Graphical domains;graph neural networks (GNNs);graph processing;recursive neural networks},
  doi={10.1109/TNN.2008.2005605}}

@article{bai2018temporalconvolution,
  title={An empirical evaluation of generic convolutional and recurrent networks for sequence modeling},
  author={Bai, Shaojie and Kolter, J Zico and Koltun, Vladlen},
  journal={arXiv preprint arXiv:1803.01271},
  year={2018}
}

@ARTICLE{bengio1994gradientdescent-rnn,
  author={Bengio, Y. and Simard, P. and Frasconi, P.},
  journal={IEEE Transactions on Neural Networks}, 
  title={Learning long-term dependencies with gradient descent is difficult}, 
  year={1994},
  volume={5},
  number={2},
  pages={157-166},
  keywords={Recurrent neural networks;Production;Delay effects;Intelligent networks;Neural networks;Discrete transforms;Computer networks;Cost function;Neurofeedback;Displays},
  doi={10.1109/72.279181}}

@article{ELMAN1990179rnn,
title = {Finding structure in time},
journal = {Cognitive Science},
volume = {14},
number = {2},
pages = {179-211},
year = {1990},
issn = {0364-0213},
doi = {https://doi.org/10.1016/0364-0213(90)90002-E},
url = {https://www.sciencedirect.com/science/article/pii/036402139090002E},
author = {Jeffrey L. Elman}}

@article{lstm,
author = {Hochreiter, Sepp and Schmidhuber, J\"{u}rgen},
title = {Long Short-Term Memory},
year = {1997},
issue_date = {November 15, 1997},
publisher = {MIT Press},
address = {Cambridge, MA, USA},
volume = {9},
number = {8},
issn = {0899-7667},
url = {https://doi.org/10.1162/neco.1997.9.8.1735},
doi = {10.1162/neco.1997.9.8.1735},
journal = {Neural Comput.},
month = nov,
pages = {1735–1780},
numpages = {46}
}

@inproceedings{NIPS2017_attentionisallyouneed,
 author = {Vaswani, Ashish and Shazeer, Noam and Parmar, Niki and Uszkoreit, Jakob and Jones, Llion and Gomez, Aidan N and Kaiser, \L ukasz and Polosukhin, Illia},
 booktitle = {Advances in Neural Information Processing Systems},
 editor = {I. Guyon and U. Von Luxburg and S. Bengio and H. Wallach and R. Fergus and S. Vishwanathan and R. Garnett},
 pages = {},
 publisher = {Curran Associates, Inc.},
 title = {Attention is All you Need},
 url = {https://proceedings.neurips.cc/paper_files/paper/2017/file/3f5ee243547dee91fbd053c1c4a845aa-Paper.pdf},
 volume = {30},
 year = {2017}
}

@article{raffel2020exploringt5,
  title={Exploring the limits of transfer learning with a unified text-to-text transformer},
  author={Raffel, Colin and Shazeer, Noam and Roberts, Adam and Lee, Katherine and Narang, Sharan and Matena, Michael and Zhou, Yanqi and Li, Wei and Liu, Peter J},
  journal={Journal of machine learning research},
  volume={21},
  number={140},
  pages={1--67},
  year={2020}
}

@inproceedings{devlin2019bert,
  title={Bert: Pre-training of deep bidirectional transformers for language understanding},
  author={Devlin, Jacob and Chang, Ming-Wei and Lee, Kenton and Toutanova, Kristina},
  booktitle={Proceedings of the 2019 conference of the North American chapter of the association for computational linguistics: human language technologies, volume 1 (long and short papers)},
  pages={4171--4186},
  year={2019}
}

@article{radford2018improving-gpt1,
  title={Improving language understanding by generative pre-training},
  author={Radford, Alec and Narasimhan, Karthik and Salimans, Tim and Sutskever, Ilya and others},
  year={2018},
  publisher={San Francisco, CA, USA}
}

@inproceedings{roberts2024powerful-decoderonly,
  title={How powerful are decoder-only transformer neural models?},
  author={Roberts, Jesse},
  booktitle={2024 International Joint Conference on Neural Networks (IJCNN)},
  pages={1--8},
  year={2024},
  organization={IEEE}
}

@article{zhang2023review-adversarialattacksurvey,
  title={A review of adversarial attacks in computer vision},
  author={Zhang, Yutong and Li, Yao and Li, Yin and Guo, Zhichang},
  journal={arXiv preprint arXiv:2308.07673},
  year={2023}
}

@article{goodfellow2014explainingfgsm,
  title={Explaining and harnessing adversarial examples},
  author={Goodfellow, Ian J and Shlens, Jonathon and Szegedy, Christian},
  journal={arXiv preprint arXiv:1412.6572},
  year={2014}
}

@incollection{kurakin2018adversarial-iterative-fgsm,
  title={Adversarial examples in the physical world},
  author={Kurakin, Alexey and Goodfellow, Ian J and Bengio, Samy},
  booktitle={Artificial intelligence safety and security},
  pages={99--112},
  year={2018},
  publisher={Chapman and Hall/CRC}
}

@article{grattafiori2024llama,
  title={The llama 3 herd of models},
  author={Grattafiori, Aaron and Dubey, Abhimanyu and Jauhri, Abhinav and Pandey, Abhinav and Kadian, Abhishek and Al-Dahle, Ahmad and Letman, Aiesha and Mathur, Akhil and Schelten, Alan and Vaughan, Alex and others},
  journal={arXiv preprint arXiv:2407.21783},
  year={2024}
}

@article{rafailov2023directpreferenceoptimization,
  title={Direct preference optimization: Your language model is secretly a reward model},
  author={Rafailov, Rafael and Sharma, Archit and Mitchell, Eric and Manning, Christopher D and Ermon, Stefano and Finn, Chelsea},
  journal={Advances in Neural Information Processing Systems},
  volume={36},
  pages={53728--53741},
  year={2023}
}

@misc{zheng2023secretsrlhflargelanguage,
      title={Secrets of RLHF in Large Language Models Part I: PPO}, 
      author={Rui Zheng and Shihan Dou and Songyang Gao and Yuan Hua and Wei Shen and Binghai Wang and Yan Liu and Senjie Jin and Qin Liu and Yuhao Zhou and Limao Xiong and Lu Chen and Zhiheng Xi and Nuo Xu and Wenbin Lai and Minghao Zhu and Cheng Chang and Zhangyue Yin and Rongxiang Weng and Wensen Cheng and Haoran Huang and Tianxiang Sun and Hang Yan and Tao Gui and Qi Zhang and Xipeng Qiu and Xuanjing Huang},
      year={2023},
      eprint={2307.04964},
      archivePrefix={arXiv},
      primaryClass={cs.CL},
      url={https://arxiv.org/abs/2307.04964}, 
}

@article{aggarwal2020benefitspag,
  title={On the benefits of models with perceptually-aligned gradients},
  author={Aggarwal, Gunjan and Sinha, Abhishek and Kumari, Nupur and Singh, Mayank},
  journal={arXiv preprint arXiv:2005.01499},
  year={2020}
}

@article{engstrom2019adversarialpag,
  title={Adversarial robustness as a prior for learned representations},
  author={Engstrom, Logan and Ilyas, Andrew and Santurkar, Shibani and Tsipras, Dimitris and Tran, Brandon and Madry, Aleksander},
  journal={arXiv preprint arXiv:1906.00945},
  year={2019}
}

@article{Ross_Doshi-Velez_2018_pag, title={Improving the Adversarial Robustness and Interpretability of Deep Neural Networks by Regularizing Their Input Gradients}, volume={32}, url={https://ojs.aaai.org/index.php/AAAI/article/view/11504}, DOI={10.1609/aaai.v32i1.11504}, number={1}, journal={Proceedings of the AAAI Conference on Artificial Intelligence}, author={Ross, Andrew and Doshi-Velez, Finale}, year={2018}, month={Apr.} }

@inproceedings{croce2020reliableautoattack,
  title={Reliable evaluation of adversarial robustness with an ensemble of diverse parameter-free attacks},
  author={Croce, Francesco and Hein, Matthias},
  booktitle={International conference on machine learning},
  pages={2206--2216},
  year={2020},
  organization={PMLR}
}

@inproceedings{amazon-reviews-dataset,
    title={The Multilingual Amazon Reviews Corpus},
    author={Keung, Phillip and Lu, Yichao and Szarvas, György and Smith, Noah A.},
    booktitle={Proceedings of the 2020 Conference on Empirical Methods in Natural Language Processing},
    year={2020}
}

@misc{xu2025largereasoningmodelssurvey,
      title={Towards Large Reasoning Models: A Survey of Reinforced Reasoning with Large Language Models}, 
      author={Fengli Xu and Qianyue Hao and Zefang Zong and Jingwei Wang and Yunke Zhang and Jingyi Wang and Xiaochong Lan and Jiahui Gong and Tianjian Ouyang and Fanjin Meng and Chenyang Shao and Yuwei Yan and Qinglong Yang and Yiwen Song and Sijian Ren and Xinyuan Hu and Yu Li and Jie Feng and Chen Gao and Yong Li},
      year={2025},
      eprint={2501.09686},
      archivePrefix={arXiv},
      primaryClass={cs.AI},
      url={https://arxiv.org/abs/2501.09686}, 
}

@article{guo2024language,
  title={Language-guided hierarchical fine-grained image forgery detection and localization},
  author={Guo, Xiao and Liu, Xiaohong and Masi, Iacopo and Liu, Xiaoming},
  journal={International Journal of Computer Vision},
  pages={1--22},
  year={2024},
  publisher={Springer}
}

@misc{eldan2023tinystoriessmalllanguagemodels,
      title={TinyStories: How Small Can Language Models Be and Still Speak Coherent English?}, 
      author={Ronen Eldan and Yuanzhi Li},
      year={2023},
      eprint={2305.07759},
      archivePrefix={arXiv},
      primaryClass={cs.CL},
      url={https://arxiv.org/abs/2305.07759}, 
}

@article{gage1994new-bytepairencoding-bpe,
  title={A new algorithm for data compression},
  author={Gage, Philip},
  journal={The C Users Journal},
  volume={12},
  number={2},
  pages={23--38},
  year={1994},
  publisher={R \& D Publications, Inc. Lawrence, KS, USA}
}

@misc{press2017usingoutputembeddingimprove-weighttying,
      title={Using the Output Embedding to Improve Language Models}, 
      author={Ofir Press and Lior Wolf},
      year={2017},
      eprint={1608.05859},
      archivePrefix={arXiv},
      primaryClass={cs.CL},
      url={https://arxiv.org/abs/1608.05859}, 
}

@misc{mazeika2024harmbenchstandardizedevaluationframework,
      title={HarmBench: A Standardized Evaluation Framework for Automated Red Teaming and Robust Refusal}, 
      author={Mantas Mazeika and Long Phan and Xuwang Yin and Andy Zou and Zifan Wang and Norman Mu and Elham Sakhaee and Nathaniel Li and Steven Basart and Bo Li and David Forsyth and Dan Hendrycks},
      year={2024},
      eprint={2402.04249},
      archivePrefix={arXiv},
      primaryClass={cs.LG},
      url={https://arxiv.org/abs/2402.04249}, 
}

@inproceedings{bender2021dangersstochasticparrots,
  title={On the dangers of stochastic parrots: Can language models be too big?},
  author={Bender, Emily M and Gebru, Timnit and McMillan-Major, Angelina and Shmitchell, Shmargaret},
  booktitle={ACM conference on fairness, accountability, and transparency},
  year={2021}
}


%%% TODO: After ArXiv pubblication
misc{inverse-lm-paper,
      title={Inverse Language Modeling for Robust and Grounded LLMs}, 
      author={Simone Sestito and Davide Gabrielli and Iacopo Masi},
      year={2025},
      eprint={?????????????????????????????????},
      archivePrefix={arXiv},
      primaryClass={cs.CL},
      url={?????????????????????????????????},
}



@inproceedings{melamed2024prompts,
  title={Prompts have evil twins},
  author={Melamed, Rimon and McCabe, Lucas and Wakhare, Tanay and Kim, Yejin and Huang, H Howie and Boix-Adser{\`a}, Enric},
  booktitle="EMNLP",
  year={2024}
}

@inproceedings{bender2021dangers,
  title={On the dangers of stochastic parrots: Can language models be too big?},
  author={Bender, Emily M and Gebru, Timnit and McMillan-Major, Angelina and Shmitchell, Shmargaret},
  booktitle={ACM conference on fairness, accountability, and transparency},
  year={2021}
}
